@misc{wikipedia_galerkin,
  author       = {Wikipedia contributors},
  title        = {Galerkin method --- Wikipedia{,} The Free Encyclopedia},
  year         = {2024},
  howpublished = {\url{https://en.wikipedia.org/wiki/Galerkin_method}},
  note         = {Accessed: 2025-06-12}
}

@misc{wikipedia_weakform,
  author       = {Wikipedia contributors},
  title        = {Weak formulation --- Wikipedia{,} The Free Encyclopedia},
  year         = {2024},
  howpublished = {\url{https://en.wikipedia.org/wiki/Weak_formulation}},
  note         = {Accessed: 2025-06-12}
}
